<?xml version="1.0" encoding="UTF-8"?><collection xmlns="http://www.loc.gov/MARC21/slim"><record><leader>00356nam--2200121-i-4500</leader><controlfield tag="001">000047123</controlfield><controlfield tag="002">20161230</controlfield><controlfield tag="005">20161230201046</controlfield><controlfield tag="008">060222s1000------------r-----000-0-eng-d</controlfield><datafield ind1=" " ind2=" " tag="100"><subfield code="a">Whippman,M.L., Gerstein,I.S</subfield></datafield><datafield ind1=" " ind2=" " tag="245"><subfield code="a">Bound states and elementary particles in the limit z3+o</subfield></datafield><datafield ind1=" " ind2=" " tag="260"><subfield code="a">Washington, U.S.Atomic Energy Commission, 1964. 18 P</subfield></datafield><datafield ind1=" " ind2=" " tag="852"><subfield code="a">19837</subfield></datafield></record></collection>